@misc{uslabor,
	title = {{United States History - The Struggles of Labor}},
	year = {2013},
	month = {Oct},
	note = {[Online; accessed 3. Nov. 2021]},
	url = {http://countrystudies.us/united-states/history-82.htm}
},
    @misc{theeighthourday,
	title = {{The Eight-Hour Day {$\vert$} Unions Making History in America}},
	year = {2021},
	month = {Nov},
	note = {[Online; accessed 3. Nov. 2021]},
	url = {https://exhibitions.lib.umd.edu/unions/labor/eight-hour-day}
},
    @misc{adobemail,
	title = {{Subject: Email, We Just Can{'}t Get Enough}},
	journal = {Adobe Blog},
	year = {2015},
	month = {Aug},
	note = {[Online; accessed 3. Nov. 2021]},
	url = {https://blog.adobe.com/en/2015/08/26/email.html#gs.fbo1bu}
},
    @misc{dscoutphone,
	author = {Winnick, Michael},
	title = {{Putting a Finger on Our Phone Obsession}},
	year = {2021},
	month = {Oct},
	note = {[Online; accessed 3. Nov. 2021]},
	url = {https://blog.dscout.com/mobile-touches#1}
},
    @misc{harvard6hour,
        author = {Steve Glaveski},
	title = {{The Case for the 6-Hour Workday}},
	journal = {Harv. Bus. Rev.},
	year = {2018},
	month = {Dec},
	note = {[Online; accessed 3. Nov. 2021]},
	url = {https://hbr.org/2018/12/the-case-for-the-6-hour-workday}
},
    @misc{Ltd2021Nov,
    author = {Ltd, Invitation Digital},
    title = {{How Many Productive Hours in a Work Day? Just 2 Hours, 23 Minutes...}},
    journal = {vouchercloud},
    year = {2021},
    month = {Nov},
    note = {[Online; accessed 2. Nov. 2021]},
    url = {https://web.archive.org/web/20210922191728/https://www.vouchercloud.com/resources/office-worker-productivity}
},
    @misc{jettisoningworkemail,
	title = {{Jettisoning work email reduces stress}},
	journal = {UCI News},
	year = {2015},
	month = {Feb},
	note = {[Online; accessed 3. Nov. 2021]},
	url = {https://news.uci.edu/2012/05/03/jettisoning-work-email-reduces-stress}
},
    @article{swedennurses,
	author = {Crouch, David},
	title = {{Efficiency up, turnover down: Sweden experiments with six-hour working day}},
	journal = {the Guardian},
	year = {2017},
	month = {Nov},
	publisher = {The Guardian},
	url = {https://www.theguardian.com/world/2015/sep/17/efficiency-up-turnover-down-sweden-experiments-with-six-hour-working-day}
},
@misc{brath,
	title = {{Why we started with 6 hour work days - Brath.com}},
	journal = {Brath},
	year = {2015},
	month = {Sep},
	note = {[Online; accessed 3. Nov. 2021]},
	url = {https://brath.com/why-we-started-with-6-hour-work-days}
},
@article{microsoft,
	author = {Pesce, Nicole Lyn},
	title = {{Microsoft{'}s 4-day work week test in Japan boosts productivity by 40{\%} {\ifmmode---\else\textemdash\fi} other studies show it can also make you happier}},
	journal = {MarketWatch},
	year = {2019},
	month = {Nov},
	publisher = {MarketWatch},
	url = {https://www.marketwatch.com/story/the-four-day-work-week-just-became-permanent-at-this-company-2018-10-06}
},
    @book{bookworking,
  title={The why and how of working time reduction},
  author={De Spiegelaere, Stan and Piasna, Agnieszka},
  year={2017},
  publisher={European Trade Union Institute}
},
    @misc{iceland,
	title = {{Island drar ner p{\aa} arbetstiden}},
	journal = {Arbetaren},
	year = {2021},
	month = {Nov},
	note = {[Online; accessed 3. Nov. 2021]},
	url = {https://www.arbetaren.se/2021/07/09/island-drar-ner-pa-arbetstiden}
},
    @article{ivancevich1977shortened,
  title={The shortened workweek: A field experiment.},
  author={Ivancevich, John M and Lyon, Herbert L},
  journal={Journal of Applied Psychology},
  volume={62},
  number={1},
  pages={34},
  year={1977},
  publisher={American Psychological Association}
}


